@article{Taut1993,
  title = {Two electrons in an external oscillator potential: Particular analytic solutions of a Coulomb correlation problem},
  author = {Taut, M.},
  journal = {Phys. Rev. A},
  volume = {48},
  issue = {5},
  pages = {3561--3566},
  numpages = {0},
  year = {1993},
  month = {Nov},
  publisher = {American Physical Society},
  doi = {10.1103/PhysRevA.48.3561},
  url = {http://link.aps.org/doi/10.1103/PhysRevA.48.3561}
}

@misc{Morten,
	title = {Computational Physics Lecture Notes Fall 2015},
	author = {Hjorth-Jensen, M.},
	year = {2015},
	month = {Aug},
	howpublished = {url = {http://github.com/CompPhysics/ComputationalPhysicsMSU}}
}

@misc{nasa,
	title = {HORIZONS Web-Inteface},
	howpublished = {url = {https://ssd.jpl.nasa.gov/horizons.cgi}},
	note = {Accessed: 2017-03-11}
}

@ARTICLE{Kuhne2012,
   author = {{K{\"u}hne}, T.~D.},
    title = "{Ab-Initio Molecular Dynamics}",
  journal = {ArXiv e-prints},
archivePrefix = "arXiv",
   eprint = {1201.5945},
 primaryClass = "physics.chem-ph",
 keywords = {Physics - Chemical Physics, Condensed Matter - Materials Science, Condensed Matter - Soft Condensed Matter, Condensed Matter - Statistical Mechanics, Physics - Computational Physics},
     year = 2012,
    month = jan,
   adsurl = {http://adsabs.harvard.edu/abs/2012arXiv1201.5945K},
  adsnote = {Provided by the SAO/NASA Astrophysics Data System}
}

@ARTICLE{2004JPCM...16S.429B,
   author = {{Binder}, K. and {Horbach}, J. and {Kob}, W. and {Paul}, W. and 
	{Varnik}, F.},
    title = "{Molecular dynamics simulations}",
  journal = {Journal of Physics Condensed Matter},
   eprint = {cond-mat/0308148},
     year = 2004,
    month = feb,
   volume = 16,
    pages = {S429-S453},
      doi = {10.1088/0953-8984/16/5/006},
   adsurl = {http://adsabs.harvard.edu/abs/2004JPCM...16S.429B},
  adsnote = {Provided by the SAO/NASA Astrophysics Data System}
}

