@article{Taut1993,
  title = {Two electrons in an external oscillator potential: Particular analytic solutions of a Coulomb correlation problem},
  author = {Taut, M.},
  journal = {Phys. Rev. A},
  volume = {48},
  issue = {5},
  pages = {3561--3566},
  numpages = {0},
  year = {1993},
  month = {Nov},
  publisher = {American Physical Society},
  doi = {10.1103/PhysRevA.48.3561},
  url = {http://link.aps.org/doi/10.1103/PhysRevA.48.3561}
}

@misc{Morten,
	title = {Computational Physics Lecture Notes Fall 2015},
	author = {Hjorth-Jensen, M.},
	year = {2015},
	month = {Aug},
	howpublished = {url = {http://github.com/CompPhysics/ComputationalPhysicsMSU}}
}

@misc{nasa,
	title = {HORIZONS Web-Inteface},
	howpublished = {url = {https://ssd.jpl.nasa.gov/horizons.cgi}},
	note = {Accessed: 2017-03-11}
}
